@INPROCEEDINGS{Schuller2007far,
    author = {Schuller, Bj{\"{o}}rn and Eyben, Florian and Rigoll, Gerhard},
     title = {Fast and Robust Meter and Tempo Recognition for the Automatic
              Discrimination of Ballroom Dance Styles},
 booktitle = {Proceedings ICASSP 2007},
      year = {2007},
     pages = {},
   address = {Honolulu, Hawaii}
}
@INPROCEEDINGS{Eyben2009itm,
    author = {Eyben, Florian and W{\"{o}}llmer, Martin
              and Schuller, Bj{\"{o}}rn},
     title = {openEAR - Introducing the Munich Open-Source Emotion
              and Affect Recognition Toolkit},
 booktitle = {Proceedings of the 4th International HUMAINE
              Association Conference on Affective Computing and
              Intelligent Interaction 2009 (ACII 2009)},
    volume = {I},
      year = {2009},
     pages = {576--581},
 publisher = {IEEE},
  location = {Amsterdam, The Netherlands},
      isbn = {978-1-4244-4799-2}
}
@INPROCEEDINGS{Schuller2009ti2,
    author = {Schuller, Bj{\"{o}}rn and Steidl, S. and Batliner, Anton},
     title = {The Interspeech 2009 Emotion Challenge},
 booktitle = {Interspeech (2009), ISCA, Brighton, UK},
      year = {2009}
}
