@inproceedings{culnan-etal-2021-ire,
    title = "Me, myself, and ire: Effects of automatic transcription quality on emotion, sarcasm, and personality detection",
    author = "Culnan, John  and
      Park, Seongjin  and
      Krishnaswamy, Meghavarshini  and
      Sharp, Rebecca",
    booktitle = "Proceedings of the Eleventh Workshop on Computational Approaches to Subjectivity, Sentiment and Social Media Analysis",
    month = apr,
    year = "2021",
    address = "Online",
    publisher = "Association for Computational Linguistics",
    url = "https://aclanthology.org/2021.wassa-1.26",
    pages = "250--256"
}
