@inproceedings{valenzuela-escarcega-etal-2016-odins,
    title = "Odin{'}s Runes: A Rule Language for Information Extraction",
    author = "Valenzuela-Esc{\'a}rcega, Marco A.  and
      Hahn-Powell, Gus  and
      Surdeanu, Mihai",
    booktitle = "Proceedings of the Tenth International Conference on Language Resources and Evaluation ({LREC}'16)",
    month = may,
    year = "2016",
    address = "Portoro{\v{z}}, Slovenia",
    publisher = "European Language Resources Association (ELRA)",
    url = "https://aclanthology.org/L16-1050",
    pages = "322--329",
}
