@article{GramfortEtAl2013a,
  title = {{{MEG}} and {{EEG}} Data Analysis with {{MNE}}-{{Python}}},
  author = {Gramfort, Alexandre and Luessi, Martin and Larson, Eric and Engemann, Denis A. and Strohmeier, Daniel and Brodbeck, Christian and Goj, Roman and Jas, Mainak and Brooks, Teon and Parkkonen, Lauri and H{\"a}m{\"a}l{\"a}inen, Matti S.},
  year = {2013},
  volume = {7},
  pages = {1--13},
  doi = {10.3389/fnins.2013.00267},
  journal = {Frontiers in Neuroscience},
  number = {267}
}

@ARTICLE{2020SciPy-NMeth,
  author  = {Virtanen, Pauli and Gommers, Ralf and Oliphant, Travis E. and
            Haberland, Matt and Reddy, Tyler and Cournapeau, David and
            Burovski, Evgeni and Peterson, Pearu and Weckesser, Warren and
            Bright, Jonathan and {van der Walt}, St{\'e}fan J. and
            Brett, Matthew and Wilson, Joshua and Millman, K. Jarrod and
            Mayorov, Nikolay and Nelson, Andrew R. J. and Jones, Eric and
            Kern, Robert and Larson, Eric and Carey, C J and
            Polat, {\.I}lhan and Feng, Yu and Moore, Eric W. and
            {VanderPlas}, Jake and Laxalde, Denis and Perktold, Josef and
            Cimrman, Robert and Henriksen, Ian and Quintero, E. A. and
            Harris, Charles R. and Archibald, Anne M. and
            Ribeiro, Ant{\^o}nio H. and Pedregosa, Fabian and
            {van Mulbregt}, Paul and {SciPy 1.0 Contributors}},
  title   = {{{SciPy} 1.0: Fundamental Algorithms for Scientific
            Computing in Python}},
  journal = {Nature Methods},
  year    = {2020},
  volume  = {17},
  pages   = {261--272},
  adsurl  = {https://rdcu.be/b08Wh},
  doi     = {10.1038/s41592-019-0686-2},
}
@article{10.3389/fnhum.2012.00278,
  author          = {Plöchl, Michael and Ossandón, José and König, Peter},
  journal         = {Frontiers in Human Neuroscience},
  title           = {Combining EEG and eye tracking: identification, characterization, and correction of eye movement artifacts in electroencephalographic data},
  volume          = {6},
  year            = {2012},
  url = "https://www.frontiersin.org/articles/10.3389/fnhum.2012.00278",
}
@article{Kaya21,
  author          = {İbrahim Kaya},
  journal         = {IntechOpen},
  title           = {A Brief Summary of EEG Artifact Handling},
  year            = {2021},
  url = "https://doi.org/10.5772/intechopen.99127",
}
@article{Koenraadt2014,
  doi = {10.1016/j.neuroimage.2013.04.070},
  url = {https://doi.org/10.1016/j.neuroimage.2013.04.070},
  year = {2014},
  month = jan,
  publisher = {Elsevier {BV}},
  volume = {85},
  pages = {415--422},
  author = {Koen L.M. Koenraadt and Eefje G.J. Roelofsen and Jacques Duysens and Noël L.W. Keijsers},
  title = {Cortical control of normal gait and precision stepping: An {fNIRS} study},
  journal = {{NeuroImage}}
}
